%% This BibTeX bibliography file was created using BibDesk.
%% https://bibdesk.sourceforge.io/

%% Created for Byoungil Jeon at 2025-06-13 10:13:31 +0900 


%% Saved with string encoding Unicode (UTF-8) 



@article{Lee2020EWeight,
	author = {Hyun Cheol Lee and Wook-geun Shin and Hyun Joon Choi and Chang-Il Choi and Chang Su Park and Hong-Suk Kim and Chul Hee Min},
	date-added = {2025-06-13 09:50:33 +0900},
	date-modified = {2025-06-13 09:52:16 +0900},
	journal = {Applied Radiation and Isotopes},
	pages = {109010},
	title = {Radioisotope identification using an energy-weighted algorithm with a proof-of-principle radiation portal monitor based on plastic scintillators},
	volume = {156},
	year = {2020},
	doi = {https://doi.org/10.1016/j.apradiso.2019.109010},
	}


@article{Bertrand2014Current,
	author = {Bertrand, Guillaume H. V. and Hamel, Matthieu and Sguerra, Fabien},
	journal = {Chemistry -- A European Journal},
	number = {48},
	pages = {15660-15685},
	title = {Current Status on Plastic Scintillators Modifications},
	volume = {20},
	year = {2014},
	doi = {https://doi.org/10.1002/chem.201404093}
	}

	
@article{Paff2017Spectral,
	author = {Marc Gerrit Paff and Angela Di Fulvio and Shaun D. Clarke and Sara A. Pozzi},
	date-added = {2025-06-13 09:31:50 +0900},
	date-modified = {2025-06-13 09:32:41 +0900},
	journal = {Nuclear Instruments and Methods in Physics Research Section A: Accelerators, Spectrometers, Detectors and Associated Equipment},
	pages = {41-48},
	title = {Radionuclide identification algorithm for organic scintillator-based radiation portal monitor},
	volume = {849},
	year = {2017},
	doi = {https://doi.org/10.1016/j.nima.2017.01.009}
	}

@article{Kim2019InvMat,
	author = {Yewon Kim and Myungsoo Kim and Kyung Taek Lim and Jongbum Kim and Gyuseong Cho},
	date-added = {2025-06-13 09:28:35 +0900},
	date-modified = {2025-06-13 09:29:52 +0900},
	journal = {Radiation Physics and Chemistry},
	pages = {127-132},
	title = {Inverse calibration matrix algorithm for radiation detection portal monitors},
	volume = {155},
	year = {2019},
	doi = {https://doi.org/10.1016/j.radphyschem.2018.07.022}
	}

@article{Hevener2013EWindow,
	author = {Ryne Hevener and Man-Sung Yim and Ken Baird},
	date-added = {2025-06-13 09:25:11 +0900},
	date-modified = {2025-06-13 09:26:07 +0900},
	journal = {Radiation Measurements},
	pages = {113-120},
	title = {Investigation of energy windowing algorithms for effective cargo screening with radiation portal monitors},
	volume = {58},
	year = {2013},
	doi = {https://doi.org/10.1016/j.radmeas.2013.08.004},
	}

@article{Ely2006EWindow,
	author = {James Ely and Richard Kouzes and John Schweppe and Edward Siciliano and Denis Strachan and Dennis Weier},
	date-added = {2025-06-13 09:23:11 +0900},
	date-modified = {2025-06-13 09:28:29 +0900},
	journal = {Nuclear Instruments and Methods in Physics Research Section A: Accelerators, Spectrometers, Detectors and Associated Equipment},
	number = {2},
	pages = {373-387},
	title = {The use of energy windowing to discriminate SNM from NORM in radiation portal monitors},
	volume = {560},
	year = {2006},
	doi = {https://doi.org/10.1016/j.nima.2006.01.053},
	}

@article{Jeon2021CompML,
	author = {Byoungil Jeon and Jongyul Kim and Yonggyun Yu and Myungkook Moon},
	date-added = {2025-06-13 09:15:35 +0900},
	date-modified = {2025-06-13 09:16:58 +0900},
	journal = {Journal of Radiation Protection and Research},
	number = {4},
	pages = {204-212},
	title = {Comparison of machine learning-based radioisotope identifiers for plastic scintillation detector},
	volume = {46},
	year = {2021},
	doi = {https://doi.org/10.14407/jrpr.2021.00206}
	}

@article{Kim2019ANN,
	author = {Jinhwan Kim and Kyeongjin Park and Gyuseong Cho},
	date-added = {2025-06-13 09:10:37 +0900},
	date-modified = {2025-06-13 09:38:24 +0900},
	journal = {Applied Radiation and Isotopes},
	pages = {83-90},
	title = {Multi-radioisotope identification algorithm using an artificial neural network for plastic gamma spectra},
	volume = {147},
	year = {2019},
	doi ={https://doi.org/10.1016/j.apradiso.2019.01.005}
	}

@article{Figueredo:2009dg,
	author = {Figueredo, A.~J. and Wolf, P. S.~A.},
	doi = {https://doi.org/10.1007/s12110-009-9068-2},
	journal = {Human Nature},
	pages = {317-330},
	title = {Assortative pairing and life history strategy -- a cross-cultural study},
	volume = {20},
	year = {2009},
	bdsk-url-1 = {https://doi.org/10.1007/s12110-009-9068-2}}

@misc{Hao:gidmaps:2014,
	author = {Hao, Z. and AghaKouchak, A. and Nakhjiri, N. and Farahmand, A},
	howpublished = {\emph{figshare} \url{http://dx.doi.org/10.6084/m9.figshare.853801}},
	title = {Global integrated drought monitoring and prediction system ({GIDMaPS}) data sets},
	year = {2014}}

@article{Sicilliano2005Comparision,
	author = {E.R. Siciliano and J.H. Ely and R.T. Kouzes and B.D. Milbrath and J.E. Schweppe and D.C. Stromswold},
	date-added = {2025-05-15 08:53:16 +0900},
	date-modified = {2025-05-15 08:56:43 +0900},
	doi = {https://doi.org/10.1016/j.nima.2005.05.056},
	issn = {0168-9002},
	journal = {Nuclear Instruments and Methods in Physics Research Section A: Accelerators, Spectrometers, Detectors and Associated Equipment},
	keywords = {Plastic scintillator, Sodium iodide, Portal monitors, Radiation detection, Border security},
	number = {3},
	pages = {647-674},
	title = {Comparison of PVT and NaI(Tl) scintillators for vehicle portal monitor applications},
	url = {https://www.sciencedirect.com/science/article/pii/S0168900205012763},
	volume = {550},
	year = {2005},
	bdsk-url-1 = {https://www.sciencedirect.com/science/article/pii/S0168900205012763},
	bdsk-url-2 = {https://doi.org/10.1016/j.nima.2005.05.056}}

@article{Song2024AcquiringGamma,
	article-number = {493},
	author = {Song, Siwon and Park, Jae Hyung and Kim, Jinhong and Kim, Seunghyeon and Jegal, Seokhyeon and Lee, Sangjun and Lee, Bongsoo},
	date-added = {2025-05-15 08:59:58 +0900},
	date-modified = {2025-05-15 09:01:29 +0900},
	doi = {https://doi.org/10.3390/photonics11060493},
	issn = {2304-6732},
	journal = {Photonics},
	number = {6},
	title = {Acquiring Gamma-Ray Energy Spectrum Using a Plastic Scintillation Optical Fiber Detector},
	url = {https://www.mdpi.com/2304-6732/11/6/493},
	volume = {11},
	year = {2024},
	bdsk-url-1 = {https://www.mdpi.com/2304-6732/11/6/493},
	bdsk-url-2 = {https://doi.org/10.3390/photonics11060493}}

@article{Jeon2021PseudoGamma,
	article-number = {684},
	author = {Jeon, Byoungil and Kim, Junha and Lee, Eunjoong and Moon, Myungkook and Cho, Gyuseong},
	date-added = {2025-05-15 09:10:42 +0900},
	date-modified = {2025-05-15 09:11:05 +0900},
	doi = {https://doi.org/10.3390/s21030684},
	issn = {1424-8220},
	journal = {Sensors},
	number = {3},
	pubmedid = {33498328},
	title = {Pseudo-Gamma Spectroscopy Based on Plastic Scintillation Detectors Using Multitask Learning},
	url = {https://www.mdpi.com/1424-8220/21/3/684},
	volume = {21},
	year = {2021},
	bdsk-url-1 = {https://www.mdpi.com/1424-8220/21/3/684},
	bdsk-url-2 = {https://doi.org/10.3390/s21030684}}

@article{Jeon2023Explanation,
	author = {Byoungil Jeon and Jinhwan Kim and Myungkook Moon and},
	date-added = {2025-05-15 09:17:20 +0900},
	date-modified = {2025-05-15 09:26:20 +0900},
	doi = {https://doi.org/10.1080/00295450.2022.2096389},
	journal = {Nuclear Technology},
	number = {1},
	pages = {1--14},
	publisher = {Taylor \& Francis},
	title = {Explanation of Deep Learning-Based Radioisotope Identifier for Plastic Scintillation Detector},
	volume = {209},
	year = {2023},
	}

@misc{Zhang2024ComptonEdge,
	archiveprefix = {arXiv},
	author = {Yanbiao Zhang and Yeqi Fang and Fanjie Zeng and Dehua Kong and Lian Lei and Zhonghai Wang},
	date-added = {2025-05-15 09:03:50 +0900},
	date-modified = {2025-05-15 09:04:21 +0900},
	doi = {https://doi.org/10.48550/arXiv.2404.06950},
	primaryclass = {physics.ins-det},
	title = {Compton Edge Convolutional Model and Algorithm for Energy-channel Calibration},
	url = {https://arxiv.org/abs/2404.06950},
	year = {2024},
	}

@article{Lee2023Radionuclide,
	author = {Hyun Cheol Lee and Bon Tack Koo and Ju Young Jeon and Bo-Wi Cheon and Do Hyeon Yoo and Heejun Chung and Chul Hee Min},
	date-added = {2025-05-15 09:39:22 +0900},
	date-modified = {2025-05-15 09:39:39 +0900},
	doi = {https://doi.org/10.1016/j.net.2023.07.005},
	issn = {1738-5733},
	journal = {Nuclear Engineering and Technology},
	keywords = {Radiation portal monitor, Multi-arrayed plastic scintillator, Energy-weighted algorithm, Convolutional neural network, Source identification, Gamma spectrum},
	number = {10},
	pages = {3907-3912},
	title = {Radionuclide identification based on energy-weighted algorithm and machine learning applied to a multi-array plastic scintillator},
	url = {https://www.sciencedirect.com/science/article/pii/S1738573323003212},
	volume = {55},
	year = {2023},
	}

@article{LoPresti2006BaselineSuppression,
	author = {Charles A. {Lo Presti} and Dennis R. Weier and Richard T. Kouzes and John E. Schweppe},
	date-added = {2025-05-15 09:30:40 +0900},
	date-modified = {2025-05-15 09:31:08 +0900},
	doi = {https://doi.org/10.1016/j.nima.2006.02.156},
	issn = {0168-9002},
	journal = {Nuclear Instruments and Methods in Physics Research Section A: Accelerators, Spectrometers, Detectors and Associated Equipment},
	keywords = {Baseline suppression, Baseline depression, Shadow shielding, Portal monitors, Plastic-scintillator, Radiation detection, PVT, Homeland security},
	number = {1},
	pages = {281-297},
	title = {Baseline suppression of vehicle portal monitor gamma count profiles: A characterization study},
	url = {https://www.sciencedirect.com/science/article/pii/S0168900206004402},
	volume = {562},
	year = {2006},
	}
